@article{kanehisa2000kegg,
  title={KEGG: kyoto encyclopedia of genes and genomes},
  author={Kanehisa, Minoru and Goto, Susumu},
  journal={Nucleic acids research},
  volume={28},
  number={1},
  pages={27--30},
  year={2000},
  publisher={Oxford University Press}
}

@article{orchard2014mintact,
  title={The MIntAct projectâ€”IntAct as a common curation platform for 11 molecular interaction databases},
  author={Orchard, Sandra and Ammari, Mais and Aranda, Bruno and Breuza, Lionel and Briganti, Leonardo and Broackes-Carter, Fiona and Campbell, Nancy H and Chavali, Gayatri and Chen, Carol and Del-Toro, Noemi and others},
  journal={Nucleic acids research},
  volume={42},
  number={D1},
  pages={D358--D363},
  year={2014},
  publisher={Oxford University Press}
}

@article{fabregat2018reactome,
  title={The reactome pathway knowledgebase},
  author={Fabregat, Antonio and Jupe, Steven and Matthews, Lisa and Sidiropoulos, Konstantinos and Gillespie, Marc and Garapati, Phani and Haw, Robin and Jassal, Bijay and Korninger, Florian and May, Bruce and others},
  journal={Nucleic acids research},
  volume={46},
  number={D1},
  pages={D649--D655},
  year={2018},
  publisher={Oxford University Press}
}